% !TEX root = ../main.tex

@article{DBLP:journals/corr/ZhangJL17,
  author    = {Lvmin Zhang and
               Yi Ji and
               Xin Lin},
  title     = {Style Transfer for Anime Sketches with Enhanced Residual U-net and
               Auxiliary Classifier {GAN}},
  journal   = {CoRR},
  volume    = {abs/1706.03319},
  year      = {2017},
  url       = {http://arxiv.org/abs/1706.03319},
  archivePrefix = {arXiv},
  eprint    = {1706.03319},
  timestamp = {Fri, 08 Dec 2017 12:11:44 +0100},
  biburl    = {https://dblp.org/rec/bib/journals/corr/ZhangJL17},
  bibsource = {dblp computer science bibliography, https://dblp.org}
}


@article{Qu:2006:MC:1141911.1142017,
 author = {Qu, Yingge and Wong, Tien-Tsin and Heng, Pheng-Ann},
 title = {Manga Colorization},
 journal = {ACM Trans. Graph.},
 issue_date = {July 2006},
 volume = {25},
 number = {3},
 month = jul,
 year = {2006},
 issn = {0730-0301},
 pages = {1214--1220},
 numpages = {7},
 url = {http://doi.acm.org/10.1145/1141911.1142017},
 doi = {10.1145/1141911.1142017},
 acmid = {1142017},
 publisher = {ACM},
 address = {New York, NY, USA},
 keywords = {colorization, manga, segmentation},
}



@article{O'Donovan:2011:CCL:2010324.1964958,
 author = {O'Donovan, Peter and Agarwala, Aseem and Hertzmann, Aaron},
 title = {Color Compatibility from Large Datasets},
 journal = {ACM Trans. Graph.},
 issue_date = {July 2011},
 volume = {30},
 number = {4},
 month = jul,
 year = {2011},
 issn = {0730-0301},
 pages = {63:1--63:12},
 articleno = {63},
 numpages = {12},
 url = {http://doi.acm.org/10.1145/2010324.1964958},
 doi = {10.1145/2010324.1964958},
 acmid = {1964958},
 publisher = {ACM},
 address = {New York, NY, USA},
}

@article{goodfellow2014generative,
  title={Generative adversarial nets},
  author={Goodfellow, Ian and Pouget-Abadie, Jean and Mirza, Mehdi and Xu, Bing and Warde-Farley, David and Ozair, Sherjil and Courville, Aaron and Bengio, Yoshua},
  booktitle={Advances in neural information processing systems},
  pages={2672--2680},
  year={2014}
}

@article{mcaleergenerative,
  title={Generative Adversarial Networks},
  author={MCALEER, STEPHEN}
}

@article{pix2pix2016,
  title={Image-to-Image Translation with Conditional Adversarial Networks},
  author={Isola, Phillip and Zhu, Jun-Yan and Zhou, Tinghui and Efros, Alexei A},
  journal={arxiv},
  year={2016}
}

@inproceedings{mikolov2013distributed,
  title={Distributed representations of words and phrases and their compositionality},
  author={Mikolov, Tomas and Sutskever, Ilya and Chen, Kai and Corrado, Greg S and Dean, Jeff},
  booktitle={Advances in neural information processing systems},
  pages={3111--3119},
  year={2013}
}

@article{DBLP:journals/corr/abs-1301-3781,
  author    = {Tomas Mikolov and
               Kai Chen and
               Greg Corrado and
               Jeffrey Dean},
  title     = {Efficient Estimation of Word Representations in Vector Space},
  journal   = {CoRR},
  volume    = {abs/1301.3781},
  year      = {2013},
  url       = {http://arxiv.org/abs/1301.3781},
  archivePrefix = {arXiv},
  eprint    = {1301.3781},
  timestamp = {Wed, 07 Jun 2017 14:42:25 +0200},
  biburl    = {https://dblp.org/rec/bib/journals/corr/abs-1301-3781},
  bibsource = {dblp computer science bibliography, https://dblp.org}
}

@inproceedings{Mikolov:2013:DRW:2999792.2999959,
 author = {Mikolov, Tomas and Sutskever, Ilya and Chen, Kai and Corrado, Greg and Dean, Jeffrey},
 title = {Distributed Representations of Words and Phrases and Their Compositionality},
 booktitle = {Proceedings of the 26th International Conference on Neural Information Processing Systems - Volume 2},
 series = {NIPS'13},
 year = {2013},
 location = {Lake Tahoe, Nevada},
 pages = {3111--3119},
 numpages = {9},
 url = {http://dl.acm.org/citation.cfm?id=2999792.2999959},
 acmid = {2999959},
 publisher = {Curran Associates Inc.},
 address = {USA}
}


@article{zhang2009vector,
  title={Vector similarity measurement method},
  author={Zhang, Yu and Liu, Yu-dong and Ji, Zhao and others},
  journal={Technical Acoustics},
  volume={4},
  number={5},
  pages={532--536},
  year={2009}
}

@article{ravichandran2005randomized,
  title={Randomized algorithms and nlp: using locality sensitive hash function for high speed noun clustering},
  author={Ravichandran, Deepak and Pantel, Patrick and Hovy, Eduard},
  booktitle={Proceedings of the 43rd annual meeting on association for computational linguistics},
  pages={622--629},
  year={2005},
  organization={Association for Computational Linguistics}
}

@article{baroni2014don,
  title={Don't count, predict! A systematic comparison of context-counting vs. context-predicting semantic vectors},
  author={Baroni, Marco and Dinu, Georgiana and Kruszewski, Germ{\'a}n},
  booktitle={Proceedings of the 52nd Annual Meeting of the Association for Computational Linguistics (Volume 1: Long Papers)},
  volume={1},
  pages={238--247},
  year={2014}
}

@article{deng2010binary,
  title={Binary coding of speech spectrograms using a deep auto-encoder},
  author={Deng, Li and Seltzer, Michael L and Yu, Dong and Acero, Alex and Mohamed, Abdel-rahman and Hinton, Geoff},
  booktitle={Eleventh Annual Conference of the International Speech Communication Association},
  year={2010}
}

@article{athier1997process,
  title={Process optimization by simulated annealing and NLP procedures. Application to heat exchanger network synthesis},
  author={Athier, G and Floquet, P and Pibouleau, L and Domenech, S},
  journal={Computers \& chemical engineering},
  volume={21},
  pages={S475--S480},
  year={1997},
  publisher={Elsevier}
}

@inproceedings{turian2010word,
  title={Word representations: a simple and general method for semi-supervised learning},
  author={Turian, Joseph and Ratinov, Lev and Bengio, Yoshua},
  booktitle={Proceedings of the 48th annual meeting of the association for computational linguistics},
  pages={384--394},
  year={2010},
  organization={Association for Computational Linguistics}
}

@article{xia2011improvement,
  title={An improvement to TF-IDF: Term Distribution based Term Weight Algorithm.},
  author={Xia, Tian and Chai, Yanmei},
  journal={JSW},
  volume={6},
  number={3},
  pages={413--420},
  year={2011}
}
@article{radford2015unsupervised,
  title={Unsupervised representation learning with deep convolutional generative adversarial networks},
  author={Radford, Alec and Metz, Luke and Chintala, Soumith},
  journal={arXiv preprint arXiv:1511.06434},
  year={2015}
}

@article{chen2015improved,
  title={An improved cloud masking algorithm for MODIS ocean colour data processing},
  author={Chen, Shuguo and Zhang, Tinglu},
  journal={Remote Sensing Letters},
  volume={6},
  number={3},
  pages={218--227},
  year={2015},
  publisher={Taylor \& Francis}
}

@online{embedding,
    author={wikipedia},
    year={2017},
    title={Embedding},
    language={en},
    url={https://www.wikiwand.com/en/Embedding}
}

@online{colormodel,
    author={wikipedia},
    year={2007},
    title={colormodel},
    language={en},
    url={https://en.wikipedia.org/wiki/Color_model#cite_ref-Kandel_1-0}
}

@online{floodfill,
    author={wikipedia},
    year={2009},
    title={Floodfill},
    language={en},
    url={https://en.wikipedia.org/wiki/Flood_fill}
}

@article{DBLP:journals/corr/abs-1301-3781,
  author    = {Tomas Mikolov and
               Kai Chen and
               Greg Corrado and
               Jeffrey Dean},
  title     = {Efficient Estimation of Word Representations in Vector Space},
  journal   = {CoRR},
  volume    = {abs/1301.3781},
  year      = {2013},
  url       = {http://arxiv.org/abs/1301.3781},
  archivePrefix = {arXiv},
  eprint    = {1301.3781},
  timestamp = {Wed, 07 Jun 2017 14:42:25 +0200},
  biburl    = {http://dblp.org/rec/bib/journals/corr/abs-1301-3781},
  bibsource = {dblp computer science bibliography, http://dblp.org}
}


@article{DBLP:journals/corr/abs-1708-00107,
  author    = {Bryan McCann and
               James Bradbury and
               Caiming Xiong and
               Richard Socher},
  title     = {Learned in Translation: Contextualized Word Vectors},
  journal   = {CoRR},
  volume    = {abs/1708.00107},
  year      = {2017},
  url       = {http://arxiv.org/abs/1708.00107},
  archivePrefix = {arXiv},
  eprint    = {1708.00107},
  timestamp = {Mon, 04 Sep 2017 20:46:33 +0200},
  biburl    = {http://dblp.org/rec/bib/journals/corr/abs-1708-00107},
  bibsource = {dblp computer science bibliography, http://dblp.org}
}

@Book{AIMD,
title = {Artificial Intelligence: A Modern Approach},
publisher = {Prentice Hall},
year = {2012}
}

@article{DBLP:journals/corr/SutskeverVL14,
  author    = {Ilya Sutskever and
               Oriol Vinyals and
               Quoc V. Le},
  title     = {Sequence to Sequence Learning with Neural Networks},
  journal   = {CoRR},
  volume    = {abs/1409.3215},
  year      = {2014},
  url       = {http://arxiv.org/abs/1409.3215},
  archivePrefix = {arXiv},
  eprint    = {1409.3215},
  timestamp = {Wed, 07 Jun 2017 14:40:10 +0200},
  biburl    = {http://dblp.org/rec/bib/journals/corr/SutskeverVL14},
  bibsource = {dblp computer science bibliography, http://dblp.org}
}

@article{DBLP:journals/corr/VaswaniSPUJGKP17,
  author    = {Ashish Vaswani and
               Noam Shazeer and
               Niki Parmar and
               Jakob Uszkoreit and
               Llion Jones and
               Aidan N. Gomez and
               Lukasz Kaiser and
               Illia Polosukhin},
  title     = {Attention Is All You Need},
  journal   = {CoRR},
  volume    = {abs/1706.03762},
  year      = {2017},
  url       = {http://arxiv.org/abs/1706.03762},
  archivePrefix = {arXiv},
  eprint    = {1706.03762},
  timestamp = {Mon, 03 Jul 2017 13:29:02 +0200},
  biburl    = {https://dblp.org/rec/bib/journals/corr/VaswaniSPUJGKP17},
  bibsource = {dblp computer science bibliography, https://dblp.org}
}

@article{DBLP:journals/corr/abs-1801-10198,
  author    = {Peter J. Liu and
               Mohammad Saleh and
               Etienne Pot and
               Ben Goodrich and
               Ryan Sepassi and
               Lukasz Kaiser and
               Noam Shazeer},
  title     = {Generating Wikipedia by Summarizing Long Sequences},
  journal   = {CoRR},
  volume    = {abs/1801.10198},
  year      = {2018},
  url       = {http://arxiv.org/abs/1801.10198},
  archivePrefix = {arXiv},
  eprint    = {1801.10198},
  timestamp = {Fri, 02 Feb 2018 14:20:25 +0100},
  biburl    = {https://dblp.org/rec/bib/journals/corr/abs-1801-10198},
  bibsource = {dblp computer science bibliography, https://dblp.org}
}


@article{DBLP:journals/corr/abs-1801-09797,
  author    = {Lukasz Kaiser and
               Samy Bengio},
  title     = {Discrete Autoencoders for Sequence Models},
  journal   = {CoRR},
  volume    = {abs/1801.09797},
  year      = {2018},
  url       = {http://arxiv.org/abs/1801.09797},
  archivePrefix = {arXiv},
  eprint    = {1801.09797},
  timestamp = {Fri, 02 Feb 2018 14:20:25 +0100},
  biburl    = {https://dblp.org/rec/bib/journals/corr/abs-1801-09797},
  bibsource = {dblp computer science bibliography, https://dblp.org}
}

@article{DBLP:journals/corr/KaiserGSVPJU17,
  author    = {Lukasz Kaiser and
               Aidan N. Gomez and
               Noam Shazeer and
               Ashish Vaswani and
               Niki Parmar and
               Llion Jones and
               Jakob Uszkoreit},
  title     = {One Model To Learn Them All},
  journal   = {CoRR},
  volume    = {abs/1706.05137},
  year      = {2017},
  url       = {http://arxiv.org/abs/1706.05137},
  archivePrefix = {arXiv},
  eprint    = {1706.05137},
  timestamp = {Mon, 03 Jul 2017 13:29:02 +0200},
  biburl    = {https://dblp.org/rec/bib/journals/corr/KaiserGSVPJU17},
  bibsource = {dblp computer science bibliography, https://dblp.org}
}

@article{DBLP:journals/corr/KaiserNRB17,
  author    = {Lukasz Kaiser and
               Ofir Nachum and
               Aurko Roy and
               Samy Bengio},
  title     = {Learning to Remember Rare Events},
  journal   = {CoRR},
  volume    = {abs/1703.03129},
  year      = {2017},
  url       = {http://arxiv.org/abs/1703.03129},
  archivePrefix = {arXiv},
  eprint    = {1703.03129},
  timestamp = {Wed, 07 Jun 2017 14:40:44 +0200},
  biburl    = {https://dblp.org/rec/bib/journals/corr/KaiserNRB17},
  bibsource = {dblp computer science bibliography, https://dblp.org}
}

@article{DBLP:journals/corr/KaiserB16,
  author    = {Lukasz Kaiser and
               Samy Bengio},
  title     = {Can Active Memory Replace Attention?},
  journal   = {CoRR},
  volume    = {abs/1610.08613},
  year      = {2016},
  url       = {http://arxiv.org/abs/1610.08613},
  archivePrefix = {arXiv},
  eprint    = {1610.08613},
  timestamp = {Wed, 07 Jun 2017 14:40:55 +0200},
  biburl    = {https://dblp.org/rec/bib/journals/corr/KaiserB16},
  bibsource = {dblp computer science bibliography, https://dblp.org}
}

@article{DBLP:journals/corr/JordanK16,
  author    = {Charles Jordan and
               Lukasz Kaiser},
  title     = {Machine Learning with Guarantees using Descriptive Complexity and
               {SMT} Solvers},
  journal   = {CoRR},
  volume    = {abs/1609.02664},
  year      = {2016},
  url       = {http://arxiv.org/abs/1609.02664},
  archivePrefix = {arXiv},
  eprint    = {1609.02664},
  timestamp = {Wed, 07 Jun 2017 14:41:36 +0200},
  biburl    = {https://dblp.org/rec/bib/journals/corr/JordanK16},
  bibsource = {dblp computer science bibliography, https://dblp.org}
}
%maintained by Schloss Dagstuhl LZI at University of Trier	homebrowsesearchabout

@article{DBLP:journals/corr/AbadiABBCCCDDDG16,
  author    = {Mart{\'{\i}}n Abadi and
               Ashish Agarwal and
               Paul Barham and
               Eugene Brevdo and
               Zhifeng Chen and
               Craig Citro and
               Gregory S. Corrado and
               Andy Davis and
               Jeffrey Dean and
               Matthieu Devin and
               Sanjay Ghemawat and
               Ian J. Goodfellow and
               Andrew Harp and
               Geoffrey Irving and
               Michael Isard and
               Yangqing Jia and
               Rafal J{\'{o}}zefowicz and
               Lukasz Kaiser and
               Manjunath Kudlur and
               Josh Levenberg and
               Dan Man{\'{e}} and
               Rajat Monga and
               Sherry Moore and
               Derek Gordon Murray and
               Chris Olah and
               Mike Schuster and
               Jonathon Shlens and
               Benoit Steiner and
               Ilya Sutskever and
               Kunal Talwar and
               Paul A. Tucker and
               Vincent Vanhoucke and
               Vijay Vasudevan and
               Fernanda B. Vi{\'{e}}gas and
               Oriol Vinyals and
               Pete Warden and
               Martin Wattenberg and
               Martin Wicke and
               Yuan Yu and
               Xiaoqiang Zheng},
  title     = {TensorFlow: Large-Scale Machine Learning on Heterogeneous Distributed
               Systems},
  journal   = {CoRR},
  volume    = {abs/1603.04467},
  year      = {2016},
  url       = {http://arxiv.org/abs/1603.04467},
  archivePrefix = {arXiv},
  eprint    = {1603.04467},
  timestamp = {Wed, 07 Jun 2017 14:40:20 +0200},
  biburl    = {https://dblp.org/rec/bib/journals/corr/AbadiABBCCCDDDG16},
  bibsource = {dblp computer science bibliography, https://dblp.org}
}


@article{DBLP:journals/corr/LuongLSVK15,
  author    = {Minh{-}Thang Luong and
               Quoc V. Le and
               Ilya Sutskever and
               Oriol Vinyals and
               Lukasz Kaiser},
  title     = {Multi-task Sequence to Sequence Learning},
  journal   = {CoRR},
  volume    = {abs/1511.06114},
  year      = {2015},
  url       = {http://arxiv.org/abs/1511.06114},
  archivePrefix = {arXiv},
  eprint    = {1511.06114},
  timestamp = {Wed, 07 Jun 2017 14:41:33 +0200},
  biburl    = {https://dblp.org/rec/bib/journals/corr/LuongLSVK15},
  bibsource = {dblp computer science bibliography, https://dblp.org}
}

@article{DBLP:journals/corr/KaiserKRS14,
  author    = {Lukasz Kaiser and
               Stephan Kreutzer and
               Roman Rabinovich and
               Sebastian Siebertz},
  title     = {Directed Width Measures and Monotonicity of Directed Graph Searching},
  journal   = {CoRR},
  volume    = {abs/1408.4745},
  year      = {2014},
  url       = {http://arxiv.org/abs/1408.4745},
  archivePrefix = {arXiv},
  eprint    = {1408.4745},
  timestamp = {Wed, 07 Jun 2017 14:40:55 +0200},
  biburl    = {https://dblp.org/rec/bib/journals/corr/KaiserKRS14},
  bibsource = {dblp computer science bibliography, https://dblp.org}
}

@article{DBLP:journals/corr/abs-1802-09914,
  author    = {M. Andrecut},
  title     = {High-Dimensional Vector Semantics},
  journal   = {CoRR},
  volume    = {abs/1802.09914},
  year      = {2018},
  url       = {http://arxiv.org/abs/1802.09914},
  archivePrefix = {arXiv},
  eprint    = {1802.09914},
  timestamp = {Fri, 02 Mar 2018 13:46:22 +0100},
  biburl    = {https://dblp.org/rec/bib/journals/corr/abs-1802-09914},
  bibsource = {dblp computer science bibliography, https://dblp.org}
}

@article{DBLP:seq-seq-tou,
  author    = {Graham Neubig},
  title     = {Neural Machine Translation and Sequence-to-sequence Models: {A} Tutorial},
  journal   = {CoRR},
  volume    = {abs/1703.01619},
  year      = {2017},
  url       = {http://arxiv.org/abs/1703.01619},
  archivePrefix = {arXiv},
  eprint    = {1703.01619},
  timestamp = {Wed, 07 Jun 2017 14:40:22 +0200},
  biburl    = {https://dblp.org/rec/bib/journals/corr/Neubig17},
  bibsource = {dblp computer science bibliography, https://dblp.org}
}

@article{DBLP:journals/corr/AllamanisPS16,
  author    = {Miltiadis Allamanis and
               Hao Peng and
               Charles A. Sutton},
  title     = {A Convolutional Attention Network for Extreme Summarization of Source
               Code},
  journal   = {CoRR},
  volume    = {abs/1602.03001},
  year      = {2016},
  url       = {http://arxiv.org/abs/1602.03001},
  archivePrefix = {arXiv},
  eprint    = {1602.03001},
  timestamp = {Wed, 07 Jun 2017 14:42:50 +0200},
  biburl    = {https://dblp.org/rec/bib/journals/corr/AllamanisPS16},
  bibsource = {dblp computer science bibliography, https://dblp.org}
}

@article{DBLP:Lexicons,
  author    = {Philip Arthur and
               Graham Neubig and
               Satoshi Nakamura},
  title     = {Incorporating Discrete Translation Lexicons into Neural Machine Translation},
  journal   = {CoRR},
  volume    = {abs/1606.02006},
  year      = {2016},
  url       = {http://arxiv.org/abs/1606.02006},
  archivePrefix = {arXiv},
  eprint    = {1606.02006},
  timestamp = {Fri, 25 Aug 2017 13:07:21 +0200},
  biburl    = {https://dblp.org/rec/bib/journals/corr/ArthurNN16},
  bibsource = {dblp computer science bibliography, https://dblp.org}
}

@article{DBLP:Jointly,
  author    = {Dzmitry Bahdanau and
               Kyunghyun Cho and
               Yoshua Bengio},
  title     = {Neural Machine Translation by Jointly Learning to Align and Translate},
  journal   = {CoRR},
  volume    = {abs/1409.0473},
  year      = {2014},
  url       = {http://arxiv.org/abs/1409.0473},
  archivePrefix = {arXiv},
  eprint    = {1409.0473},
  timestamp = {Wed, 07 Jun 2017 14:40:19 +0200},
  biburl    = {https://dblp.org/rec/bib/journals/corr/BahdanauCB14},
  bibsource = {dblp computer science bibliography, https://dblp.org}
}

@article{DBLP:ALYSIA,
  author    = {Margareta Ackerman and
               David Loker},
  title     = {Algorithmic Songwriting with {ALYSIA}},
  journal   = {CoRR},
  volume    = {abs/1612.01058},
  year      = {2016},
  url       = {http://arxiv.org/abs/1612.01058},
  archivePrefix = {arXiv},
  eprint    = {1612.01058},
  timestamp = {Wed, 07 Jun 2017 14:41:19 +0200},
  biburl    = {https://dblp.org/rec/bib/journals/corr/AckermanL16},
  bibsource = {dblp computer science bibliography, https://dblp.org}
}

@book{manning2008introduction,
  title={Introduction to Information Retrieval},
  author={Manning, C.D. and Raghavan, P. and Sch{\"u}tze, H.},
  isbn={9781139472104},
  url={https://books.google.com.hk/books?id=t1PoSh4uwVcC},
  year={2008},
  publisher={Cambridge University Press}
}

@book{50_years_ai,
  title={50 Years of Artificial Intelligence: Essays Dedicated to the 50th Anniversary of Artificial Intelligence},
  author={Lungarella, M.},
  isbn={9783540772958},
  lccn={20079419},
  series={LNCS sublibrary: Artificial intelligence},
  url={https://books.google.com.hk/books?id=vin0j1Z4fZUC},
  year={2007},
  publisher={Springer}
}

@book{sussman1998instructor,
  title={Instructor's Manual to Accompany Structure and Interpretation of Computer Programs},
  author={Sussman, J. and Abelson, H. and Sussman, G.J.},
  isbn={9780262692205},
  series={MIT Electrical Engineering and Computer Science Series},
  url={https://books.google.com.hk/books?id=sgjkGwAACAAJ},
  year={1998},
  publisher={MIT Press}
}

@book{armstrong1999natural,
  title={Natural Language Processing Using Very Large Corpora},
  author={Armstrong, S. and Church, K. and Isabelle, P. and Manzi, S. and Tzoukermann, E. and Yarowsky, D.},
  isbn={9780792360551},
  lccn={99049205},
  series={Text, Speech and Language Technology},
  url={https://books.google.com.hk/books?id=96g2N1DD5j4C},
  year={1999},
  publisher={Springer Netherlands}
}

@book{bentley2000programming,
  title={Programming Pearls},
  author={Bentley, J.L.},
  isbn={9780201657883},
  lccn={99046520},
  series={ACM Press Series},
  url={https://books.google.com.hk/books?id=kse\_7qbWbjsC},
  year={2000},
  publisher={Addison-Wesley}
}

@book{abelson1985structure,
  title={Structure and interpretation of computer programs},
  author={Abelson, H. and Sussman, G.J. and Sussman, J.},
  isbn={9780262010771},
  lccn={84009688},
  series={MIT electrical engineering and computer science series},
  url={https://books.google.com.hk/books?id=2o9QAAAAMAAJ},
  year={1985},
  publisher={MIT Press}
}
@book{cooper2004high,
  title={Why High-tech Products Drive Us Crazy and how to Restore the Sanity},
  author={Cooper, A.},
  isbn={9780672326141},
  url={https://books.google.com.hk/books?id=04cFCVXC\_AUC},
  year={2004},
  publisher={Sams Publishing}
}

@book{abelson1985structure,
  title={Structure and interpretation of computer programs},
  author={Abelson, H. and Sussman, G.J. and Sussman, J.},
  isbn={9780262010771},
  lccn={84009688},
  series={MIT electrical engineering and computer science series},
  url={https://books.google.com.hk/books?id=2o9QAAAAMAAJ},
  year={1985},
  publisher={MIT Press}
}


@article{mq-zhanjian,
  title={基于主题河的网络舆情可视化关联分析方法},
  author={詹建 and 高民权},
  journal={情报资料工作},
  volume={6},
  pages={17--22},
  year={2014}
}

@article{adomavicius2005toward,
  title={Toward the next generation of recommender systems: A survey of the state-of-the-art and possible extensions},
  author={Adomavicius, Gediminas and Tuzhilin, Alexander},
  journal={IEEE transactions on knowledge and data engineering},
  volume={17},
  number={6},
  pages={734--749},
  year={2005},
  publisher={IEEE}
}

@article{gil2010state,
  title={State of the art on high temperature thermal energy storage for power generation. Part 1—Concepts, materials and modellization},
  author={Gil, Antoni and Medrano, Marc and Martorell, Ingrid and L{\'a}zaro, Ana and Dolado, Pablo and Zalba, Bel{\'e}n and Cabeza, Luisa F},
  journal={Renewable and Sustainable Energy Reviews},
  volume={14},
  number={1},
  pages={31--55},
  year={2010},
  publisher={Elsevier}
}
